<record><leader>00000cas a22000007a 4500</leader><controlfield tag="001">9545739</controlfield><controlfield tag="008">830525d18331838mauwr ne      0    0eng d</controlfield><controlfield tag="009">3768</controlfield><datafield ind1=" " ind2=" " tag="010"><subfield code="a">sn 83020784 </subfield></datafield><datafield ind1=" " ind2=" " tag="040"><subfield code="a">NPX</subfield><subfield code="b">eng</subfield><subfield code="c">NPX</subfield><subfield code="d">NPU</subfield><subfield code="d">DLC</subfield><subfield code="d">MGN</subfield><subfield code="d">KRTAS</subfield><subfield code="d">DLC</subfield><subfield code="d">OCLCF</subfield></datafield><datafield ind1="1" ind2=" " tag="029"><subfield code="a">AU@</subfield><subfield code="b">000025797113</subfield></datafield><datafield ind1=" " ind2=" " tag="042"><subfield code="a">msc</subfield></datafield><datafield ind1=" " ind2=" " tag="043"><subfield code="a">n-us-ma</subfield></datafield><datafield ind1="0" ind2="0" tag="050"><subfield code="a">Newspaper</subfield></datafield><datafield ind1="0" ind2="0" tag="245"><subfield code="a">Old Colony Whig and Columbian reporter.</subfield></datafield><datafield ind1="0" ind2="7" tag="246"><subfield code="a">Whig and reporter</subfield></datafield><datafield ind1=" " ind2=" " tag="260"><subfield code="a">Taunton, Mass. :</subfield><subfield code="b">Franklin Dunbar</subfield></datafield><datafield ind1=" " ind2=" " tag="300"><subfield code="a">v. ;</subfield><subfield code="c">52-54 cm.</subfield></datafield><datafield ind1=" " ind2=" " tag="310"><subfield code="a">Weekly</subfield></datafield><datafield ind1="1" ind2=" " tag="362"><subfield code="a">Began Jan. 2, 1833. Ceased Sept. 26, 1838.</subfield></datafield><datafield ind1=" " ind2=" " tag="500"><subfield code="a">Publishers: H. Martin, &lt;Mar. 19, 1834&gt;; Bradford &amp; Amsbury, &lt;Dec. 1834-Dec. 1837&gt;; Israel Amsbury, Dec. 1837-Sept. 1838.</subfield></datafield><datafield ind1=" " ind2=" " tag="500"><subfield code="a">Printers: R.M. Pearse, &lt;Sept. 18, 1833&gt;; H. Martin, &lt;Mar. 19, 1834&gt;.</subfield></datafield><datafield ind1=" " ind2=" " tag="588"><subfield code="a">Description based on: Vol. 1, no. 2 (Jan. 9, 1833).</subfield></datafield><datafield ind1=" " ind2="0" tag="651"><subfield code="a">Taunton (Mass.)</subfield><subfield code="v">Newspapers.</subfield></datafield><datafield ind1=" " ind2="7" tag="655"><subfield code="a">Newspapers.</subfield><subfield code="2">fast</subfield><subfield code="0">(OCoLC)fst01423814</subfield></datafield><datafield ind1=" " ind2="7" tag="651"><subfield code="a">Massachusetts</subfield><subfield code="z">Taunton.</subfield><subfield code="2">fast</subfield><subfield code="0">(OCoLC)fst01214927</subfield></datafield><datafield ind1=" " ind2=" " tag="752"><subfield code="a">United States</subfield><subfield code="b">Massachusetts</subfield><subfield code="c">Bristol</subfield><subfield code="d">Taunton.</subfield></datafield><datafield ind1="0" ind2="0" tag="780"><subfield code="t">Columbian reporter and Old Colony journal</subfield><subfield code="w">(DLC)sn 83020783</subfield><subfield code="w">(OCoLC)9548921</subfield></datafield><datafield ind1="0" ind2="0" tag="785"><subfield code="t">Taunton Whig</subfield><subfield code="w">(DLC)sn 83020785</subfield><subfield code="w">(OCoLC)9545813</subfield></datafield><datafield ind1=" " ind2=" " tag="938"><subfield code="a">Kirtas Technologies, Inc.</subfield><subfield code="b">KRTS</subfield><subfield code="n">736751</subfield></datafield></record>